<?xml version="1.0" encoding="UTF-8"?><collection xmlns="http://www.loc.gov/MARC21/slim"><record><leader>00469nam--2200133-i-4500</leader><controlfield tag="001">000019550</controlfield><controlfield tag="002">20161230</controlfield><controlfield tag="005">20161230201033</controlfield><controlfield tag="008">060222s1000------------r-----000-0-eng-d</controlfield><datafield ind1=" " ind2=" " tag="080"><subfield code="a">539.143.43(043):537.312.62(043)</subfield></datafield><datafield ind1=" " ind2=" " tag="100"><subfield code="a">Delrieu, Jean-marc</subfield></datafield><datafield ind1=" " ind2=" " tag="245"><subfield code="a">Etude par resonance magnetique nucleaire et theorie de la distribution de champ magnetique dans les supraconducteurs de seconde espace. these</subfield></datafield><datafield ind1=" " ind2=" " tag="260"><subfield code="a">Orsay, Universite Paris-sud, 1974. 241 P</subfield></datafield><datafield ind1=" " ind2=" " tag="852"><subfield code="a">42165</subfield></datafield></record></collection>